,quarter,zip_code,sales,id,name,residences,rel_sales,quarter_name
0,2019-09-30,5000,111,643,Odense C,14530,7.6,2019-Q3
1,2019-09-30,5200,9,636,Odense V,2556,3.5,2019-Q3
2,2019-09-30,5210,42,485,Odense NV,4030,10.4,2019-Q3
3,2019-09-30,5220,30,310,Odense SØ,4670,6.4,2019-Q3
4,2019-09-30,5230,46,768,Odense M,3430,13.4,2019-Q3
5,2019-09-30,5240,12,41,Odense NØ,4211,2.8,2019-Q3
6,2019-09-30,5250,60,421,Odense SV,4709,12.7,2019-Q3
7,2019-09-30,5260,46,133,Odense S,3873,11.9,2019-Q3
8,2019-09-30,5270,33,660,Odense N,4259,7.7,2019-Q3
9,2019-09-30,5290,5,596,Marslev,259,19.3,2019-Q3
10,2019-09-30,5300,21,422,Kerteminde,1848,11.4,2019-Q3
10,2019-09-30,5300,21,423,Kerteminde,1848,11.4,2019-Q3
10,2019-09-30,5300,21,424,Kerteminde,1848,11.4,2019-Q3
11,2019-09-30,5320,9,444,Agedrup,721,12.5,2019-Q3
12,2019-09-30,5330,10,418,Munkebo,1522,6.6,2019-Q3
13,2019-09-30,5350,3,671,Rynkeby,208,14.4,2019-Q3
14,2019-09-30,5370,2,513,Mesinge,225,8.9,2019-Q3
15,2019-09-30,5380,2,469,Dalby,142,14.1,2019-Q3
16,2019-09-30,5390,6,234,Martofte,108,55.6,2019-Q3
16,2019-09-30,5390,6,235,Martofte,108,55.6,2019-Q3
16,2019-09-30,5390,6,236,Martofte,108,55.6,2019-Q3
17,2019-09-30,5400,28,498,Bogense,1920,14.6,2019-Q3
17,2019-09-30,5400,28,499,Bogense,1920,14.6,2019-Q3
17,2019-09-30,5400,28,500,Bogense,1920,14.6,2019-Q3
17,2019-09-30,5400,28,501,Bogense,1920,14.6,2019-Q3
17,2019-09-30,5400,28,502,Bogense,1920,14.6,2019-Q3
18,2019-09-30,5450,0,341,Otterup,2900,0.0,2019-Q3
18,2019-09-30,5450,0,342,Otterup,2900,0.0,2019-Q3
18,2019-09-30,5450,0,343,Otterup,2900,0.0,2019-Q3
18,2019-09-30,5450,0,344,Otterup,2900,0.0,2019-Q3
18,2019-09-30,5450,0,345,Otterup,2900,0.0,2019-Q3
19,2019-09-30,5462,3,300,Morud,472,6.4,2019-Q3
20,2019-09-30,5463,0,599,Harndrup,394,0.0,2019-Q3
21,2019-09-30,5464,8,652,Brenderup Fyn,610,13.1,2019-Q3
22,2019-09-30,5466,4,554,Asperup,390,10.3,2019-Q3
23,2019-09-30,5471,6,136,Søndersø,1730,3.5,2019-Q3
24,2019-09-30,5474,2,797,Veflinge,330,6.1,2019-Q3
25,2019-09-30,5485,2,555,Skamby,198,10.1,2019-Q3
26,2019-09-30,5491,3,604,Blommenslyst,291,10.3,2019-Q3
27,2019-09-30,5492,12,476,Vissenbjerg,1439,8.3,2019-Q3
28,2019-09-30,5500,56,258,Middelfart,5137,10.9,2019-Q3
28,2019-09-30,5500,56,259,Middelfart,5137,10.9,2019-Q3
29,2019-09-30,5540,9,728,Ullerslev,1376,6.5,2019-Q3
30,2019-09-30,5550,7,404,Langeskov,1314,5.3,2019-Q3
31,2019-09-30,5560,7,519,Aarup,1353,5.2,2019-Q3
32,2019-09-30,5580,13,551,Nørre Aaby,1110,11.7,2019-Q3
33,2019-09-30,5591,2,103,Gelsted,690,2.9,2019-Q3
34,2019-09-30,5592,5,673,Ejby,914,5.5,2019-Q3
35,2019-09-30,5600,35,70,Faaborg,4005,8.7,2019-Q3
35,2019-09-30,5600,35,71,Faaborg,4005,8.7,2019-Q3
35,2019-09-30,5600,35,72,Faaborg,4005,8.7,2019-Q3
35,2019-09-30,5600,35,73,Faaborg,4005,8.7,2019-Q3
35,2019-09-30,5600,35,74,Faaborg,4005,8.7,2019-Q3
36,2019-09-30,5601,0,,,39,0.0,2019-Q3
37,2019-09-30,5602,0,,,33,0.0,2019-Q3
38,2019-09-30,5610,17,585,Assens,2712,6.3,2019-Q3
38,2019-09-30,5610,17,586,Assens,2712,6.3,2019-Q3
38,2019-09-30,5610,17,587,Assens,2712,6.3,2019-Q3
38,2019-09-30,5610,17,588,Assens,2712,6.3,2019-Q3
39,2019-09-30,5620,11,95,Glamsbjerg,1544,7.1,2019-Q3
40,2019-09-30,5631,6,473,Ebberup,480,12.5,2019-Q3
40,2019-09-30,5631,6,474,Ebberup,480,12.5,2019-Q3
41,2019-09-30,5642,3,410,Millinge,296,10.1,2019-Q3
41,2019-09-30,5642,3,411,Millinge,296,10.1,2019-Q3
41,2019-09-30,5642,3,412,Millinge,296,10.1,2019-Q3
42,2019-09-30,5672,9,306,Broby,1527,5.9,2019-Q3
43,2019-09-30,5683,10,132,Haarby,1231,8.1,2019-Q3
44,2019-09-30,5690,5,40,Tommerup,1761,2.8,2019-Q3
45,2019-09-30,5700,74,239,Svendborg,9294,8.0,2019-Q3
45,2019-09-30,5700,74,240,Svendborg,9294,8.0,2019-Q3
45,2019-09-30,5700,74,241,Svendborg,9294,8.0,2019-Q3
45,2019-09-30,5700,74,242,Svendborg,9294,8.0,2019-Q3
45,2019-09-30,5700,74,243,Svendborg,9294,8.0,2019-Q3
45,2019-09-30,5700,74,244,Svendborg,9294,8.0,2019-Q3
45,2019-09-30,5700,74,245,Svendborg,9294,8.0,2019-Q3
45,2019-09-30,5700,74,246,Svendborg,9294,8.0,2019-Q3
45,2019-09-30,5700,74,247,Svendborg,9294,8.0,2019-Q3
46,2019-09-30,5750,17,538,Ringe,2791,6.1,2019-Q3
47,2019-09-30,5762,8,543,Vester Skerninge,907,8.8,2019-Q3
48,2019-09-30,5771,3,533,Stenstrup,993,3.0,2019-Q3
49,2019-09-30,5772,2,590,Kværndrup,620,3.2,2019-Q3
50,2019-09-30,5792,17,789,Årslev,1607,10.6,2019-Q3
51,2019-09-30,5800,27,195,Nyborg,5140,5.3,2019-Q3
52,2019-09-30,5853,4,518,Ørbæk,1188,3.4,2019-Q3
53,2019-09-30,5854,1,724,Gislev,484,2.1,2019-Q3
54,2019-09-30,5856,5,101,Ryslinge,550,9.1,2019-Q3
55,2019-09-30,5863,5,208,Ferritslev Fyn,362,13.8,2019-Q3
56,2019-09-30,5871,8,795,Frørup,387,20.7,2019-Q3
57,2019-09-30,5874,5,232,Hesselager,559,8.9,2019-Q3
57,2019-09-30,5874,5,233,Hesselager,559,8.9,2019-Q3
58,2019-09-30,5881,10,661,Skårup Fyn,540,18.5,2019-Q3
59,2019-09-30,5882,3,373,Vejstrup,184,16.3,2019-Q3
60,2019-09-30,5883,4,495,Oure,190,21.1,2019-Q3
61,2019-09-30,5884,0,112,Gudme,293,0.0,2019-Q3
62,2019-09-30,5892,0,629,Gudbjerg Sydfyn,256,0.0,2019-Q3
63,2019-09-30,5900,18,431,Rudkøbing,2338,7.7,2019-Q3
63,2019-09-30,5900,18,432,Rudkøbing,2338,7.7,2019-Q3
63,2019-09-30,5900,18,433,Rudkøbing,2338,7.7,2019-Q3
63,2019-09-30,5900,18,434,Rudkøbing,2338,7.7,2019-Q3
63,2019-09-30,5900,18,435,Rudkøbing,2338,7.7,2019-Q3
63,2019-09-30,5900,18,436,Rudkøbing,2338,7.7,2019-Q3
64,2019-09-30,5932,19,288,Humble,607,31.3,2019-Q3
64,2019-09-30,5932,19,289,Humble,607,31.3,2019-Q3
65,2019-09-30,5935,1,545,Bagenkop,234,4.3,2019-Q3
66,2019-09-30,5943,2,,,49,40.8,2019-Q3
67,2019-09-30,5953,9,707,Tranekær,972,9.3,2019-Q3
68,2019-09-30,5960,20,614,Marstal,1150,17.4,2019-Q3
68,2019-09-30,5960,20,615,Marstal,1150,17.4,2019-Q3
68,2019-09-30,5960,20,616,Marstal,1150,17.4,2019-Q3
68,2019-09-30,5960,20,617,Marstal,1150,17.4,2019-Q3
68,2019-09-30,5960,20,618,Marstal,1150,17.4,2019-Q3
69,2019-09-30,5970,10,63,Ærøskøbing,883,11.3,2019-Q3
69,2019-09-30,5970,10,64,Ærøskøbing,883,11.3,2019-Q3
69,2019-09-30,5970,10,65,Ærøskøbing,883,11.3,2019-Q3
70,2019-09-30,5985,1,3,Søby Ærø,318,3.1,2019-Q3
71,2019-12-31,5000,93,643,Odense C,14530,6.4,2019-Q4
72,2019-12-31,5200,13,636,Odense V,2556,5.1,2019-Q4
73,2019-12-31,5210,36,485,Odense NV,4030,8.9,2019-Q4
74,2019-12-31,5220,22,310,Odense SØ,4670,4.7,2019-Q4
75,2019-12-31,5230,39,768,Odense M,3430,11.4,2019-Q4
76,2019-12-31,5240,16,41,Odense NØ,4211,3.8,2019-Q4
77,2019-12-31,5250,40,421,Odense SV,4709,8.5,2019-Q4
78,2019-12-31,5260,41,133,Odense S,3873,10.6,2019-Q4
79,2019-12-31,5270,39,660,Odense N,4259,9.2,2019-Q4
80,2019-12-31,5290,2,596,Marslev,259,7.7,2019-Q4
81,2019-12-31,5300,20,422,Kerteminde,1848,10.8,2019-Q4
81,2019-12-31,5300,20,423,Kerteminde,1848,10.8,2019-Q4
81,2019-12-31,5300,20,424,Kerteminde,1848,10.8,2019-Q4
82,2019-12-31,5320,10,444,Agedrup,721,13.9,2019-Q4
83,2019-12-31,5330,11,418,Munkebo,1522,7.2,2019-Q4
84,2019-12-31,5350,0,671,Rynkeby,208,0.0,2019-Q4
85,2019-12-31,5370,2,513,Mesinge,225,8.9,2019-Q4
86,2019-12-31,5380,2,469,Dalby,142,14.1,2019-Q4
87,2019-12-31,5390,9,234,Martofte,108,83.3,2019-Q4
87,2019-12-31,5390,9,235,Martofte,108,83.3,2019-Q4
87,2019-12-31,5390,9,236,Martofte,108,83.3,2019-Q4
88,2019-12-31,5400,24,498,Bogense,1920,12.5,2019-Q4
88,2019-12-31,5400,24,499,Bogense,1920,12.5,2019-Q4
88,2019-12-31,5400,24,500,Bogense,1920,12.5,2019-Q4
88,2019-12-31,5400,24,501,Bogense,1920,12.5,2019-Q4
88,2019-12-31,5400,24,502,Bogense,1920,12.5,2019-Q4
89,2019-12-31,5450,0,341,Otterup,2900,0.0,2019-Q4
89,2019-12-31,5450,0,342,Otterup,2900,0.0,2019-Q4
89,2019-12-31,5450,0,343,Otterup,2900,0.0,2019-Q4
89,2019-12-31,5450,0,344,Otterup,2900,0.0,2019-Q4
89,2019-12-31,5450,0,345,Otterup,2900,0.0,2019-Q4
90,2019-12-31,5462,5,300,Morud,472,10.6,2019-Q4
91,2019-12-31,5463,3,599,Harndrup,394,7.6,2019-Q4
92,2019-12-31,5464,5,652,Brenderup Fyn,610,8.2,2019-Q4
93,2019-12-31,5466,7,554,Asperup,390,17.9,2019-Q4
94,2019-12-31,5471,16,136,Søndersø,1730,9.2,2019-Q4
95,2019-12-31,5474,3,797,Veflinge,330,9.1,2019-Q4
96,2019-12-31,5485,1,555,Skamby,198,5.1,2019-Q4
97,2019-12-31,5491,2,604,Blommenslyst,291,6.9,2019-Q4
98,2019-12-31,5492,6,476,Vissenbjerg,1439,4.2,2019-Q4
99,2019-12-31,5500,54,258,Middelfart,5137,10.5,2019-Q4
99,2019-12-31,5500,54,259,Middelfart,5137,10.5,2019-Q4
100,2019-12-31,5540,11,728,Ullerslev,1376,8.0,2019-Q4
101,2019-12-31,5550,11,404,Langeskov,1314,8.4,2019-Q4
102,2019-12-31,5560,11,519,Aarup,1353,8.1,2019-Q4
103,2019-12-31,5580,6,551,Nørre Aaby,1110,5.4,2019-Q4
104,2019-12-31,5591,10,103,Gelsted,690,14.5,2019-Q4
105,2019-12-31,5592,8,673,Ejby,914,8.8,2019-Q4
106,2019-12-31,5600,35,70,Faaborg,4005,8.7,2019-Q4
106,2019-12-31,5600,35,71,Faaborg,4005,8.7,2019-Q4
106,2019-12-31,5600,35,72,Faaborg,4005,8.7,2019-Q4
106,2019-12-31,5600,35,73,Faaborg,4005,8.7,2019-Q4
106,2019-12-31,5600,35,74,Faaborg,4005,8.7,2019-Q4
107,2019-12-31,5601,0,,,39,0.0,2019-Q4
108,2019-12-31,5602,0,,,33,0.0,2019-Q4
109,2019-12-31,5610,16,585,Assens,2712,5.9,2019-Q4
109,2019-12-31,5610,16,586,Assens,2712,5.9,2019-Q4
109,2019-12-31,5610,16,587,Assens,2712,5.9,2019-Q4
109,2019-12-31,5610,16,588,Assens,2712,5.9,2019-Q4
110,2019-12-31,5620,11,95,Glamsbjerg,1544,7.1,2019-Q4
111,2019-12-31,5631,7,473,Ebberup,480,14.6,2019-Q4
111,2019-12-31,5631,7,474,Ebberup,480,14.6,2019-Q4
112,2019-12-31,5642,2,410,Millinge,296,6.8,2019-Q4
112,2019-12-31,5642,2,411,Millinge,296,6.8,2019-Q4
112,2019-12-31,5642,2,412,Millinge,296,6.8,2019-Q4
113,2019-12-31,5672,12,306,Broby,1527,7.9,2019-Q4
114,2019-12-31,5683,8,132,Haarby,1231,6.5,2019-Q4
115,2019-12-31,5690,15,40,Tommerup,1761,8.5,2019-Q4
116,2019-12-31,5700,77,239,Svendborg,9294,8.3,2019-Q4
116,2019-12-31,5700,77,240,Svendborg,9294,8.3,2019-Q4
116,2019-12-31,5700,77,241,Svendborg,9294,8.3,2019-Q4
116,2019-12-31,5700,77,242,Svendborg,9294,8.3,2019-Q4
116,2019-12-31,5700,77,243,Svendborg,9294,8.3,2019-Q4
116,2019-12-31,5700,77,244,Svendborg,9294,8.3,2019-Q4
116,2019-12-31,5700,77,245,Svendborg,9294,8.3,2019-Q4
116,2019-12-31,5700,77,246,Svendborg,9294,8.3,2019-Q4
116,2019-12-31,5700,77,247,Svendborg,9294,8.3,2019-Q4
117,2019-12-31,5750,14,538,Ringe,2791,5.0,2019-Q4
118,2019-12-31,5762,8,543,Vester Skerninge,907,8.8,2019-Q4
119,2019-12-31,5771,7,533,Stenstrup,993,7.0,2019-Q4
120,2019-12-31,5772,5,590,Kværndrup,620,8.1,2019-Q4
121,2019-12-31,5792,23,789,Årslev,1607,14.3,2019-Q4
122,2019-12-31,5800,46,195,Nyborg,5140,8.9,2019-Q4
123,2019-12-31,5853,8,518,Ørbæk,1188,6.7,2019-Q4
124,2019-12-31,5854,5,724,Gislev,484,10.3,2019-Q4
125,2019-12-31,5856,4,101,Ryslinge,550,7.3,2019-Q4
126,2019-12-31,5863,3,208,Ferritslev Fyn,362,8.3,2019-Q4
127,2019-12-31,5871,5,795,Frørup,387,12.9,2019-Q4
128,2019-12-31,5874,1,232,Hesselager,559,1.8,2019-Q4
128,2019-12-31,5874,1,233,Hesselager,559,1.8,2019-Q4
129,2019-12-31,5881,2,661,Skårup Fyn,540,3.7,2019-Q4
130,2019-12-31,5882,0,373,Vejstrup,184,0.0,2019-Q4
131,2019-12-31,5883,0,495,Oure,190,0.0,2019-Q4
132,2019-12-31,5884,1,112,Gudme,293,3.4,2019-Q4
133,2019-12-31,5892,0,629,Gudbjerg Sydfyn,256,0.0,2019-Q4
134,2019-12-31,5900,15,431,Rudkøbing,2338,6.4,2019-Q4
134,2019-12-31,5900,15,432,Rudkøbing,2338,6.4,2019-Q4
134,2019-12-31,5900,15,433,Rudkøbing,2338,6.4,2019-Q4
134,2019-12-31,5900,15,434,Rudkøbing,2338,6.4,2019-Q4
134,2019-12-31,5900,15,435,Rudkøbing,2338,6.4,2019-Q4
134,2019-12-31,5900,15,436,Rudkøbing,2338,6.4,2019-Q4
135,2019-12-31,5932,15,288,Humble,607,24.7,2019-Q4
135,2019-12-31,5932,15,289,Humble,607,24.7,2019-Q4
136,2019-12-31,5935,5,545,Bagenkop,234,21.4,2019-Q4
137,2019-12-31,5943,1,,,49,20.4,2019-Q4
138,2019-12-31,5953,16,707,Tranekær,972,16.5,2019-Q4
139,2019-12-31,5960,9,614,Marstal,1150,7.8,2019-Q4
139,2019-12-31,5960,9,615,Marstal,1150,7.8,2019-Q4
139,2019-12-31,5960,9,616,Marstal,1150,7.8,2019-Q4
139,2019-12-31,5960,9,617,Marstal,1150,7.8,2019-Q4
139,2019-12-31,5960,9,618,Marstal,1150,7.8,2019-Q4
140,2019-12-31,5970,5,63,Ærøskøbing,883,5.7,2019-Q4
140,2019-12-31,5970,5,64,Ærøskøbing,883,5.7,2019-Q4
140,2019-12-31,5970,5,65,Ærøskøbing,883,5.7,2019-Q4
141,2019-12-31,5985,3,3,Søby Ærø,318,9.4,2019-Q4
142,2020-03-31,5000,97,643,Odense C,14530,6.7,2020-Q1
143,2020-03-31,5200,5,636,Odense V,2556,2.0,2020-Q1
144,2020-03-31,5210,34,485,Odense NV,4030,8.4,2020-Q1
145,2020-03-31,5220,17,310,Odense SØ,4670,3.6,2020-Q1
146,2020-03-31,5230,39,768,Odense M,3430,11.4,2020-Q1
147,2020-03-31,5240,17,41,Odense NØ,4211,4.0,2020-Q1
148,2020-03-31,5250,59,421,Odense SV,4709,12.5,2020-Q1
149,2020-03-31,5260,41,133,Odense S,3873,10.6,2020-Q1
150,2020-03-31,5270,32,660,Odense N,4259,7.5,2020-Q1
151,2020-03-31,5290,0,596,Marslev,259,0.0,2020-Q1
152,2020-03-31,5300,15,422,Kerteminde,1848,8.1,2020-Q1
152,2020-03-31,5300,15,423,Kerteminde,1848,8.1,2020-Q1
152,2020-03-31,5300,15,424,Kerteminde,1848,8.1,2020-Q1
153,2020-03-31,5320,5,444,Agedrup,721,6.9,2020-Q1
154,2020-03-31,5330,3,418,Munkebo,1522,2.0,2020-Q1
155,2020-03-31,5350,0,671,Rynkeby,208,0.0,2020-Q1
156,2020-03-31,5370,1,513,Mesinge,225,4.4,2020-Q1
157,2020-03-31,5380,1,469,Dalby,142,7.0,2020-Q1
158,2020-03-31,5390,2,234,Martofte,108,18.5,2020-Q1
158,2020-03-31,5390,2,235,Martofte,108,18.5,2020-Q1
158,2020-03-31,5390,2,236,Martofte,108,18.5,2020-Q1
159,2020-03-31,5400,12,498,Bogense,1920,6.2,2020-Q1
159,2020-03-31,5400,12,499,Bogense,1920,6.2,2020-Q1
159,2020-03-31,5400,12,500,Bogense,1920,6.2,2020-Q1
159,2020-03-31,5400,12,501,Bogense,1920,6.2,2020-Q1
159,2020-03-31,5400,12,502,Bogense,1920,6.2,2020-Q1
160,2020-03-31,5450,6,341,Otterup,2900,2.1,2020-Q1
160,2020-03-31,5450,6,342,Otterup,2900,2.1,2020-Q1
160,2020-03-31,5450,6,343,Otterup,2900,2.1,2020-Q1
160,2020-03-31,5450,6,344,Otterup,2900,2.1,2020-Q1
160,2020-03-31,5450,6,345,Otterup,2900,2.1,2020-Q1
161,2020-03-31,5462,4,300,Morud,472,8.5,2020-Q1
162,2020-03-31,5463,2,599,Harndrup,394,5.1,2020-Q1
163,2020-03-31,5464,5,652,Brenderup Fyn,610,8.2,2020-Q1
164,2020-03-31,5466,6,554,Asperup,390,15.4,2020-Q1
165,2020-03-31,5471,7,136,Søndersø,1730,4.0,2020-Q1
166,2020-03-31,5474,4,797,Veflinge,330,12.1,2020-Q1
167,2020-03-31,5485,0,555,Skamby,198,0.0,2020-Q1
168,2020-03-31,5491,0,604,Blommenslyst,291,0.0,2020-Q1
169,2020-03-31,5492,2,476,Vissenbjerg,1439,1.4,2020-Q1
170,2020-03-31,5500,49,258,Middelfart,5137,9.5,2020-Q1
170,2020-03-31,5500,49,259,Middelfart,5137,9.5,2020-Q1
171,2020-03-31,5540,13,728,Ullerslev,1376,9.4,2020-Q1
172,2020-03-31,5550,11,404,Langeskov,1314,8.4,2020-Q1
173,2020-03-31,5560,8,519,Aarup,1353,5.9,2020-Q1
174,2020-03-31,5580,5,551,Nørre Aaby,1110,4.5,2020-Q1
175,2020-03-31,5591,0,103,Gelsted,690,0.0,2020-Q1
176,2020-03-31,5592,9,673,Ejby,914,9.8,2020-Q1
177,2020-03-31,5600,39,70,Faaborg,4005,9.7,2020-Q1
177,2020-03-31,5600,39,71,Faaborg,4005,9.7,2020-Q1
177,2020-03-31,5600,39,72,Faaborg,4005,9.7,2020-Q1
177,2020-03-31,5600,39,73,Faaborg,4005,9.7,2020-Q1
177,2020-03-31,5600,39,74,Faaborg,4005,9.7,2020-Q1
178,2020-03-31,5601,0,,,39,0.0,2020-Q1
179,2020-03-31,5602,0,,,33,0.0,2020-Q1
180,2020-03-31,5610,18,585,Assens,2712,6.6,2020-Q1
180,2020-03-31,5610,18,586,Assens,2712,6.6,2020-Q1
180,2020-03-31,5610,18,587,Assens,2712,6.6,2020-Q1
180,2020-03-31,5610,18,588,Assens,2712,6.6,2020-Q1
181,2020-03-31,5620,8,95,Glamsbjerg,1544,5.2,2020-Q1
182,2020-03-31,5631,4,473,Ebberup,480,8.3,2020-Q1
182,2020-03-31,5631,4,474,Ebberup,480,8.3,2020-Q1
183,2020-03-31,5642,1,410,Millinge,296,3.4,2020-Q1
183,2020-03-31,5642,1,411,Millinge,296,3.4,2020-Q1
183,2020-03-31,5642,1,412,Millinge,296,3.4,2020-Q1
184,2020-03-31,5672,11,306,Broby,1527,7.2,2020-Q1
185,2020-03-31,5683,13,132,Haarby,1231,10.6,2020-Q1
186,2020-03-31,5690,15,40,Tommerup,1761,8.5,2020-Q1
187,2020-03-31,5700,81,239,Svendborg,9294,8.7,2020-Q1
187,2020-03-31,5700,81,240,Svendborg,9294,8.7,2020-Q1
187,2020-03-31,5700,81,241,Svendborg,9294,8.7,2020-Q1
187,2020-03-31,5700,81,242,Svendborg,9294,8.7,2020-Q1
187,2020-03-31,5700,81,243,Svendborg,9294,8.7,2020-Q1
187,2020-03-31,5700,81,244,Svendborg,9294,8.7,2020-Q1
187,2020-03-31,5700,81,245,Svendborg,9294,8.7,2020-Q1
187,2020-03-31,5700,81,246,Svendborg,9294,8.7,2020-Q1
187,2020-03-31,5700,81,247,Svendborg,9294,8.7,2020-Q1
188,2020-03-31,5750,29,538,Ringe,2791,10.4,2020-Q1
189,2020-03-31,5762,8,543,Vester Skerninge,907,8.8,2020-Q1
190,2020-03-31,5771,3,533,Stenstrup,993,3.0,2020-Q1
191,2020-03-31,5772,2,590,Kværndrup,620,3.2,2020-Q1
192,2020-03-31,5792,22,789,Årslev,1607,13.7,2020-Q1
193,2020-03-31,5800,28,195,Nyborg,5140,5.4,2020-Q1
194,2020-03-31,5853,10,518,Ørbæk,1188,8.4,2020-Q1
195,2020-03-31,5854,2,724,Gislev,484,4.1,2020-Q1
196,2020-03-31,5856,2,101,Ryslinge,550,3.6,2020-Q1
197,2020-03-31,5863,1,208,Ferritslev Fyn,362,2.8,2020-Q1
198,2020-03-31,5871,6,795,Frørup,387,15.5,2020-Q1
199,2020-03-31,5874,5,232,Hesselager,559,8.9,2020-Q1
199,2020-03-31,5874,5,233,Hesselager,559,8.9,2020-Q1
200,2020-03-31,5881,4,661,Skårup Fyn,540,7.4,2020-Q1
201,2020-03-31,5882,0,373,Vejstrup,184,0.0,2020-Q1
202,2020-03-31,5883,2,495,Oure,190,10.5,2020-Q1
203,2020-03-31,5884,1,112,Gudme,293,3.4,2020-Q1
204,2020-03-31,5892,2,629,Gudbjerg Sydfyn,256,7.8,2020-Q1
205,2020-03-31,5900,11,431,Rudkøbing,2338,4.7,2020-Q1
205,2020-03-31,5900,11,432,Rudkøbing,2338,4.7,2020-Q1
205,2020-03-31,5900,11,433,Rudkøbing,2338,4.7,2020-Q1
205,2020-03-31,5900,11,434,Rudkøbing,2338,4.7,2020-Q1
205,2020-03-31,5900,11,435,Rudkøbing,2338,4.7,2020-Q1
205,2020-03-31,5900,11,436,Rudkøbing,2338,4.7,2020-Q1
206,2020-03-31,5932,5,288,Humble,607,8.2,2020-Q1
206,2020-03-31,5932,5,289,Humble,607,8.2,2020-Q1
207,2020-03-31,5935,0,545,Bagenkop,234,0.0,2020-Q1
208,2020-03-31,5943,1,,,49,20.4,2020-Q1
209,2020-03-31,5953,17,707,Tranekær,972,17.5,2020-Q1
210,2020-03-31,5960,13,614,Marstal,1150,11.3,2020-Q1
210,2020-03-31,5960,13,615,Marstal,1150,11.3,2020-Q1
210,2020-03-31,5960,13,616,Marstal,1150,11.3,2020-Q1
210,2020-03-31,5960,13,617,Marstal,1150,11.3,2020-Q1
210,2020-03-31,5960,13,618,Marstal,1150,11.3,2020-Q1
211,2020-03-31,5970,6,63,Ærøskøbing,883,6.8,2020-Q1
211,2020-03-31,5970,6,64,Ærøskøbing,883,6.8,2020-Q1
211,2020-03-31,5970,6,65,Ærøskøbing,883,6.8,2020-Q1
212,2020-03-31,5985,2,3,Søby Ærø,318,6.3,2020-Q1
213,2020-06-30,5000,120,643,Odense C,14530,8.3,2020-Q2
214,2020-06-30,5200,10,636,Odense V,2556,3.9,2020-Q2
215,2020-06-30,5210,34,485,Odense NV,4030,8.4,2020-Q2
216,2020-06-30,5220,21,310,Odense SØ,4670,4.5,2020-Q2
217,2020-06-30,5230,38,768,Odense M,3430,11.1,2020-Q2
218,2020-06-30,5240,11,41,Odense NØ,4211,2.6,2020-Q2
219,2020-06-30,5250,57,421,Odense SV,4709,12.1,2020-Q2
220,2020-06-30,5260,36,133,Odense S,3873,9.3,2020-Q2
221,2020-06-30,5270,43,660,Odense N,4259,10.1,2020-Q2
222,2020-06-30,5290,2,596,Marslev,259,7.7,2020-Q2
223,2020-06-30,5300,16,422,Kerteminde,1848,8.7,2020-Q2
223,2020-06-30,5300,16,423,Kerteminde,1848,8.7,2020-Q2
223,2020-06-30,5300,16,424,Kerteminde,1848,8.7,2020-Q2
224,2020-06-30,5320,8,444,Agedrup,721,11.1,2020-Q2
225,2020-06-30,5330,11,418,Munkebo,1522,7.2,2020-Q2
226,2020-06-30,5350,1,671,Rynkeby,208,4.8,2020-Q2
227,2020-06-30,5370,3,513,Mesinge,225,13.3,2020-Q2
228,2020-06-30,5380,0,469,Dalby,142,0.0,2020-Q2
229,2020-06-30,5390,8,234,Martofte,108,74.1,2020-Q2
229,2020-06-30,5390,8,235,Martofte,108,74.1,2020-Q2
229,2020-06-30,5390,8,236,Martofte,108,74.1,2020-Q2
230,2020-06-30,5400,8,498,Bogense,1920,4.2,2020-Q2
230,2020-06-30,5400,8,499,Bogense,1920,4.2,2020-Q2
230,2020-06-30,5400,8,500,Bogense,1920,4.2,2020-Q2
230,2020-06-30,5400,8,501,Bogense,1920,4.2,2020-Q2
230,2020-06-30,5400,8,502,Bogense,1920,4.2,2020-Q2
231,2020-06-30,5450,28,341,Otterup,2900,9.7,2020-Q2
231,2020-06-30,5450,28,342,Otterup,2900,9.7,2020-Q2
231,2020-06-30,5450,28,343,Otterup,2900,9.7,2020-Q2
231,2020-06-30,5450,28,344,Otterup,2900,9.7,2020-Q2
231,2020-06-30,5450,28,345,Otterup,2900,9.7,2020-Q2
232,2020-06-30,5462,0,300,Morud,472,0.0,2020-Q2
233,2020-06-30,5463,3,599,Harndrup,394,7.6,2020-Q2
234,2020-06-30,5464,11,652,Brenderup Fyn,610,18.0,2020-Q2
235,2020-06-30,5466,1,554,Asperup,390,2.6,2020-Q2
236,2020-06-30,5471,7,136,Søndersø,1730,4.0,2020-Q2
237,2020-06-30,5474,1,797,Veflinge,330,3.0,2020-Q2
238,2020-06-30,5485,2,555,Skamby,198,10.1,2020-Q2
239,2020-06-30,5491,4,604,Blommenslyst,291,13.7,2020-Q2
240,2020-06-30,5492,10,476,Vissenbjerg,1439,6.9,2020-Q2
241,2020-06-30,5500,56,258,Middelfart,5137,10.9,2020-Q2
241,2020-06-30,5500,56,259,Middelfart,5137,10.9,2020-Q2
242,2020-06-30,5540,12,728,Ullerslev,1376,8.7,2020-Q2
243,2020-06-30,5550,10,404,Langeskov,1314,7.6,2020-Q2
244,2020-06-30,5560,5,519,Aarup,1353,3.7,2020-Q2
245,2020-06-30,5580,12,551,Nørre Aaby,1110,10.8,2020-Q2
246,2020-06-30,5591,6,103,Gelsted,690,8.7,2020-Q2
247,2020-06-30,5592,7,673,Ejby,914,7.7,2020-Q2
248,2020-06-30,5600,39,70,Faaborg,4005,9.7,2020-Q2
248,2020-06-30,5600,39,71,Faaborg,4005,9.7,2020-Q2
248,2020-06-30,5600,39,72,Faaborg,4005,9.7,2020-Q2
248,2020-06-30,5600,39,73,Faaborg,4005,9.7,2020-Q2
248,2020-06-30,5600,39,74,Faaborg,4005,9.7,2020-Q2
249,2020-06-30,5601,1,,,39,25.6,2020-Q2
250,2020-06-30,5602,0,,,33,0.0,2020-Q2
251,2020-06-30,5610,13,585,Assens,2712,4.8,2020-Q2
251,2020-06-30,5610,13,586,Assens,2712,4.8,2020-Q2
251,2020-06-30,5610,13,587,Assens,2712,4.8,2020-Q2
251,2020-06-30,5610,13,588,Assens,2712,4.8,2020-Q2
252,2020-06-30,5620,14,95,Glamsbjerg,1544,9.1,2020-Q2
253,2020-06-30,5631,8,473,Ebberup,480,16.7,2020-Q2
253,2020-06-30,5631,8,474,Ebberup,480,16.7,2020-Q2
254,2020-06-30,5642,4,410,Millinge,296,13.5,2020-Q2
254,2020-06-30,5642,4,411,Millinge,296,13.5,2020-Q2
254,2020-06-30,5642,4,412,Millinge,296,13.5,2020-Q2
255,2020-06-30,5672,13,306,Broby,1527,8.5,2020-Q2
256,2020-06-30,5683,11,132,Haarby,1231,8.9,2020-Q2
257,2020-06-30,5690,11,40,Tommerup,1761,6.2,2020-Q2
258,2020-06-30,5700,89,239,Svendborg,9294,9.6,2020-Q2
258,2020-06-30,5700,89,240,Svendborg,9294,9.6,2020-Q2
258,2020-06-30,5700,89,241,Svendborg,9294,9.6,2020-Q2
258,2020-06-30,5700,89,242,Svendborg,9294,9.6,2020-Q2
258,2020-06-30,5700,89,243,Svendborg,9294,9.6,2020-Q2
258,2020-06-30,5700,89,244,Svendborg,9294,9.6,2020-Q2
258,2020-06-30,5700,89,245,Svendborg,9294,9.6,2020-Q2
258,2020-06-30,5700,89,246,Svendborg,9294,9.6,2020-Q2
258,2020-06-30,5700,89,247,Svendborg,9294,9.6,2020-Q2
259,2020-06-30,5750,22,538,Ringe,2791,7.9,2020-Q2
260,2020-06-30,5762,11,543,Vester Skerninge,907,12.1,2020-Q2
261,2020-06-30,5771,5,533,Stenstrup,993,5.0,2020-Q2
262,2020-06-30,5772,7,590,Kværndrup,620,11.3,2020-Q2
263,2020-06-30,5792,25,789,Årslev,1607,15.6,2020-Q2
264,2020-06-30,5800,40,195,Nyborg,5140,7.8,2020-Q2
265,2020-06-30,5853,6,518,Ørbæk,1188,5.1,2020-Q2
266,2020-06-30,5854,0,724,Gislev,484,0.0,2020-Q2
267,2020-06-30,5856,3,101,Ryslinge,550,5.5,2020-Q2
268,2020-06-30,5863,1,208,Ferritslev Fyn,362,2.8,2020-Q2
269,2020-06-30,5871,5,795,Frørup,387,12.9,2020-Q2
270,2020-06-30,5874,8,232,Hesselager,559,14.3,2020-Q2
270,2020-06-30,5874,8,233,Hesselager,559,14.3,2020-Q2
271,2020-06-30,5881,3,661,Skårup Fyn,540,5.6,2020-Q2
272,2020-06-30,5882,2,373,Vejstrup,184,10.9,2020-Q2
273,2020-06-30,5883,3,495,Oure,190,15.8,2020-Q2
274,2020-06-30,5884,3,112,Gudme,293,10.2,2020-Q2
275,2020-06-30,5892,3,629,Gudbjerg Sydfyn,256,11.7,2020-Q2
276,2020-06-30,5900,16,431,Rudkøbing,2338,6.8,2020-Q2
276,2020-06-30,5900,16,432,Rudkøbing,2338,6.8,2020-Q2
276,2020-06-30,5900,16,433,Rudkøbing,2338,6.8,2020-Q2
276,2020-06-30,5900,16,434,Rudkøbing,2338,6.8,2020-Q2
276,2020-06-30,5900,16,435,Rudkøbing,2338,6.8,2020-Q2
276,2020-06-30,5900,16,436,Rudkøbing,2338,6.8,2020-Q2
277,2020-06-30,5932,24,288,Humble,607,39.5,2020-Q2
277,2020-06-30,5932,24,289,Humble,607,39.5,2020-Q2
278,2020-06-30,5935,5,545,Bagenkop,234,21.4,2020-Q2
279,2020-06-30,5943,1,,,49,20.4,2020-Q2
280,2020-06-30,5953,28,707,Tranekær,972,28.8,2020-Q2
281,2020-06-30,5960,13,614,Marstal,1150,11.3,2020-Q2
281,2020-06-30,5960,13,615,Marstal,1150,11.3,2020-Q2
281,2020-06-30,5960,13,616,Marstal,1150,11.3,2020-Q2
281,2020-06-30,5960,13,617,Marstal,1150,11.3,2020-Q2
281,2020-06-30,5960,13,618,Marstal,1150,11.3,2020-Q2
282,2020-06-30,5970,2,63,Ærøskøbing,883,2.3,2020-Q2
282,2020-06-30,5970,2,64,Ærøskøbing,883,2.3,2020-Q2
282,2020-06-30,5970,2,65,Ærøskøbing,883,2.3,2020-Q2
283,2020-06-30,5985,2,3,Søby Ærø,318,6.3,2020-Q2
284,2020-09-30,5000,148,643,Odense C,14530,10.2,2020-Q3
285,2020-09-30,5200,21,636,Odense V,2556,8.2,2020-Q3
286,2020-09-30,5210,61,485,Odense NV,4030,15.1,2020-Q3
287,2020-09-30,5220,31,310,Odense SØ,4670,6.6,2020-Q3
288,2020-09-30,5230,39,768,Odense M,3430,11.4,2020-Q3
289,2020-09-30,5240,19,41,Odense NØ,4211,4.5,2020-Q3
290,2020-09-30,5250,80,421,Odense SV,4709,17.0,2020-Q3
291,2020-09-30,5260,51,133,Odense S,3873,13.2,2020-Q3
292,2020-09-30,5270,64,660,Odense N,4259,15.0,2020-Q3
293,2020-09-30,5290,1,596,Marslev,259,3.9,2020-Q3
294,2020-09-30,5300,26,422,Kerteminde,1848,14.1,2020-Q3
294,2020-09-30,5300,26,423,Kerteminde,1848,14.1,2020-Q3
294,2020-09-30,5300,26,424,Kerteminde,1848,14.1,2020-Q3
295,2020-09-30,5320,10,444,Agedrup,721,13.9,2020-Q3
296,2020-09-30,5330,25,418,Munkebo,1522,16.4,2020-Q3
297,2020-09-30,5350,3,671,Rynkeby,208,14.4,2020-Q3
298,2020-09-30,5370,4,513,Mesinge,225,17.8,2020-Q3
299,2020-09-30,5380,1,469,Dalby,142,7.0,2020-Q3
300,2020-09-30,5390,16,234,Martofte,108,148.1,2020-Q3
300,2020-09-30,5390,16,235,Martofte,108,148.1,2020-Q3
300,2020-09-30,5390,16,236,Martofte,108,148.1,2020-Q3
301,2020-09-30,5400,17,498,Bogense,1920,8.9,2020-Q3
301,2020-09-30,5400,17,499,Bogense,1920,8.9,2020-Q3
301,2020-09-30,5400,17,500,Bogense,1920,8.9,2020-Q3
301,2020-09-30,5400,17,501,Bogense,1920,8.9,2020-Q3
301,2020-09-30,5400,17,502,Bogense,1920,8.9,2020-Q3
302,2020-09-30,5450,31,341,Otterup,2900,10.7,2020-Q3
302,2020-09-30,5450,31,342,Otterup,2900,10.7,2020-Q3
302,2020-09-30,5450,31,343,Otterup,2900,10.7,2020-Q3
302,2020-09-30,5450,31,344,Otterup,2900,10.7,2020-Q3
302,2020-09-30,5450,31,345,Otterup,2900,10.7,2020-Q3
303,2020-09-30,5462,4,300,Morud,472,8.5,2020-Q3
304,2020-09-30,5463,7,599,Harndrup,394,17.8,2020-Q3
305,2020-09-30,5464,11,652,Brenderup Fyn,610,18.0,2020-Q3
306,2020-09-30,5466,11,554,Asperup,390,28.2,2020-Q3
307,2020-09-30,5471,12,136,Søndersø,1730,6.9,2020-Q3
308,2020-09-30,5474,2,797,Veflinge,330,6.1,2020-Q3
309,2020-09-30,5485,0,555,Skamby,198,0.0,2020-Q3
310,2020-09-30,5491,3,604,Blommenslyst,291,10.3,2020-Q3
311,2020-09-30,5492,17,476,Vissenbjerg,1439,11.8,2020-Q3
312,2020-09-30,5500,87,258,Middelfart,5137,16.9,2020-Q3
312,2020-09-30,5500,87,259,Middelfart,5137,16.9,2020-Q3
313,2020-09-30,5540,10,728,Ullerslev,1376,7.3,2020-Q3
314,2020-09-30,5550,14,404,Langeskov,1314,10.7,2020-Q3
315,2020-09-30,5560,10,519,Aarup,1353,7.4,2020-Q3
316,2020-09-30,5580,8,551,Nørre Aaby,1110,7.2,2020-Q3
317,2020-09-30,5591,3,103,Gelsted,690,4.3,2020-Q3
318,2020-09-30,5592,9,673,Ejby,914,9.8,2020-Q3
319,2020-09-30,5600,67,70,Faaborg,4005,16.7,2020-Q3
319,2020-09-30,5600,67,71,Faaborg,4005,16.7,2020-Q3
319,2020-09-30,5600,67,72,Faaborg,4005,16.7,2020-Q3
319,2020-09-30,5600,67,73,Faaborg,4005,16.7,2020-Q3
319,2020-09-30,5600,67,74,Faaborg,4005,16.7,2020-Q3
320,2020-09-30,5601,2,,,39,51.3,2020-Q3
321,2020-09-30,5602,0,,,33,0.0,2020-Q3
322,2020-09-30,5610,32,585,Assens,2712,11.8,2020-Q3
322,2020-09-30,5610,32,586,Assens,2712,11.8,2020-Q3
322,2020-09-30,5610,32,587,Assens,2712,11.8,2020-Q3
322,2020-09-30,5610,32,588,Assens,2712,11.8,2020-Q3
323,2020-09-30,5620,18,95,Glamsbjerg,1544,11.7,2020-Q3
324,2020-09-30,5631,11,473,Ebberup,480,22.9,2020-Q3
324,2020-09-30,5631,11,474,Ebberup,480,22.9,2020-Q3
325,2020-09-30,5642,10,410,Millinge,296,33.8,2020-Q3
325,2020-09-30,5642,10,411,Millinge,296,33.8,2020-Q3
325,2020-09-30,5642,10,412,Millinge,296,33.8,2020-Q3
326,2020-09-30,5672,15,306,Broby,1527,9.8,2020-Q3
327,2020-09-30,5683,11,132,Haarby,1231,8.9,2020-Q3
328,2020-09-30,5690,24,40,Tommerup,1761,13.6,2020-Q3
329,2020-09-30,5700,144,239,Svendborg,9294,15.5,2020-Q3
329,2020-09-30,5700,144,240,Svendborg,9294,15.5,2020-Q3
329,2020-09-30,5700,144,241,Svendborg,9294,15.5,2020-Q3
329,2020-09-30,5700,144,242,Svendborg,9294,15.5,2020-Q3
329,2020-09-30,5700,144,243,Svendborg,9294,15.5,2020-Q3
329,2020-09-30,5700,144,244,Svendborg,9294,15.5,2020-Q3
329,2020-09-30,5700,144,245,Svendborg,9294,15.5,2020-Q3
329,2020-09-30,5700,144,246,Svendborg,9294,15.5,2020-Q3
329,2020-09-30,5700,144,247,Svendborg,9294,15.5,2020-Q3
330,2020-09-30,5750,23,538,Ringe,2791,8.2,2020-Q3
331,2020-09-30,5762,12,543,Vester Skerninge,907,13.2,2020-Q3
332,2020-09-30,5771,11,533,Stenstrup,993,11.1,2020-Q3
333,2020-09-30,5772,11,590,Kværndrup,620,17.7,2020-Q3
334,2020-09-30,5792,21,789,Årslev,1607,13.1,2020-Q3
335,2020-09-30,5800,63,195,Nyborg,5140,12.3,2020-Q3
336,2020-09-30,5853,6,518,Ørbæk,1188,5.1,2020-Q3
337,2020-09-30,5854,7,724,Gislev,484,14.5,2020-Q3
338,2020-09-30,5856,3,101,Ryslinge,550,5.5,2020-Q3
339,2020-09-30,5863,2,208,Ferritslev Fyn,362,5.5,2020-Q3
340,2020-09-30,5871,13,795,Frørup,387,33.6,2020-Q3
341,2020-09-30,5874,14,232,Hesselager,559,25.0,2020-Q3
341,2020-09-30,5874,14,233,Hesselager,559,25.0,2020-Q3
342,2020-09-30,5881,11,661,Skårup Fyn,540,20.4,2020-Q3
343,2020-09-30,5882,2,373,Vejstrup,184,10.9,2020-Q3
344,2020-09-30,5883,1,495,Oure,190,5.3,2020-Q3
345,2020-09-30,5884,5,112,Gudme,293,17.1,2020-Q3
346,2020-09-30,5892,5,629,Gudbjerg Sydfyn,256,19.5,2020-Q3
347,2020-09-30,5900,44,431,Rudkøbing,2338,18.8,2020-Q3
347,2020-09-30,5900,44,432,Rudkøbing,2338,18.8,2020-Q3
347,2020-09-30,5900,44,433,Rudkøbing,2338,18.8,2020-Q3
347,2020-09-30,5900,44,434,Rudkøbing,2338,18.8,2020-Q3
347,2020-09-30,5900,44,435,Rudkøbing,2338,18.8,2020-Q3
347,2020-09-30,5900,44,436,Rudkøbing,2338,18.8,2020-Q3
348,2020-09-30,5932,40,288,Humble,607,65.9,2020-Q3
348,2020-09-30,5932,40,289,Humble,607,65.9,2020-Q3
349,2020-09-30,5935,7,545,Bagenkop,234,29.9,2020-Q3
350,2020-09-30,5943,2,,,49,40.8,2020-Q3
351,2020-09-30,5953,36,707,Tranekær,972,37.0,2020-Q3
352,2020-09-30,5960,15,614,Marstal,1150,13.0,2020-Q3
352,2020-09-30,5960,15,615,Marstal,1150,13.0,2020-Q3
352,2020-09-30,5960,15,616,Marstal,1150,13.0,2020-Q3
352,2020-09-30,5960,15,617,Marstal,1150,13.0,2020-Q3
352,2020-09-30,5960,15,618,Marstal,1150,13.0,2020-Q3
353,2020-09-30,5970,14,63,Ærøskøbing,883,15.9,2020-Q3
353,2020-09-30,5970,14,64,Ærøskøbing,883,15.9,2020-Q3
353,2020-09-30,5970,14,65,Ærøskøbing,883,15.9,2020-Q3
354,2020-09-30,5985,6,3,Søby Ærø,318,18.9,2020-Q3
355,2020-12-31,5000,103,643,Odense C,14530,7.1,2020-Q4
356,2020-12-31,5200,15,636,Odense V,2556,5.9,2020-Q4
357,2020-12-31,5210,65,485,Odense NV,4030,16.1,2020-Q4
358,2020-12-31,5220,27,310,Odense SØ,4670,5.8,2020-Q4
359,2020-12-31,5230,40,768,Odense M,3430,11.7,2020-Q4
360,2020-12-31,5240,19,41,Odense NØ,4211,4.5,2020-Q4
361,2020-12-31,5250,71,421,Odense SV,4709,15.1,2020-Q4
362,2020-12-31,5260,38,133,Odense S,3873,9.8,2020-Q4
363,2020-12-31,5270,50,660,Odense N,4259,11.7,2020-Q4
364,2020-12-31,5290,3,596,Marslev,259,11.6,2020-Q4
365,2020-12-31,5300,15,422,Kerteminde,1848,8.1,2020-Q4
365,2020-12-31,5300,15,423,Kerteminde,1848,8.1,2020-Q4
365,2020-12-31,5300,15,424,Kerteminde,1848,8.1,2020-Q4
366,2020-12-31,5320,10,444,Agedrup,721,13.9,2020-Q4
367,2020-12-31,5330,11,418,Munkebo,1522,7.2,2020-Q4
368,2020-12-31,5350,1,671,Rynkeby,208,4.8,2020-Q4
369,2020-12-31,5370,2,513,Mesinge,225,8.9,2020-Q4
370,2020-12-31,5380,1,469,Dalby,142,7.0,2020-Q4
371,2020-12-31,5390,8,234,Martofte,108,74.1,2020-Q4
371,2020-12-31,5390,8,235,Martofte,108,74.1,2020-Q4
371,2020-12-31,5390,8,236,Martofte,108,74.1,2020-Q4
372,2020-12-31,5400,24,498,Bogense,1920,12.5,2020-Q4
372,2020-12-31,5400,24,499,Bogense,1920,12.5,2020-Q4
372,2020-12-31,5400,24,500,Bogense,1920,12.5,2020-Q4
372,2020-12-31,5400,24,501,Bogense,1920,12.5,2020-Q4
372,2020-12-31,5400,24,502,Bogense,1920,12.5,2020-Q4
373,2020-12-31,5450,58,341,Otterup,2900,20.0,2020-Q4
373,2020-12-31,5450,58,342,Otterup,2900,20.0,2020-Q4
373,2020-12-31,5450,58,343,Otterup,2900,20.0,2020-Q4
373,2020-12-31,5450,58,344,Otterup,2900,20.0,2020-Q4
373,2020-12-31,5450,58,345,Otterup,2900,20.0,2020-Q4
374,2020-12-31,5462,8,300,Morud,472,16.9,2020-Q4
375,2020-12-31,5463,4,599,Harndrup,394,10.2,2020-Q4
376,2020-12-31,5464,8,652,Brenderup Fyn,610,13.1,2020-Q4
377,2020-12-31,5466,6,554,Asperup,390,15.4,2020-Q4
378,2020-12-31,5471,18,136,Søndersø,1730,10.4,2020-Q4
379,2020-12-31,5474,3,797,Veflinge,330,9.1,2020-Q4
380,2020-12-31,5485,3,555,Skamby,198,15.2,2020-Q4
381,2020-12-31,5491,4,604,Blommenslyst,291,13.7,2020-Q4
382,2020-12-31,5492,17,476,Vissenbjerg,1439,11.8,2020-Q4
383,2020-12-31,5500,67,258,Middelfart,5137,13.0,2020-Q4
383,2020-12-31,5500,67,259,Middelfart,5137,13.0,2020-Q4
384,2020-12-31,5540,8,728,Ullerslev,1376,5.8,2020-Q4
385,2020-12-31,5550,10,404,Langeskov,1314,7.6,2020-Q4
386,2020-12-31,5560,15,519,Aarup,1353,11.1,2020-Q4
387,2020-12-31,5580,9,551,Nørre Aaby,1110,8.1,2020-Q4
388,2020-12-31,5591,6,103,Gelsted,690,8.7,2020-Q4
389,2020-12-31,5592,5,673,Ejby,914,5.5,2020-Q4
390,2020-12-31,5600,64,70,Faaborg,4005,16.0,2020-Q4
390,2020-12-31,5600,64,71,Faaborg,4005,16.0,2020-Q4
390,2020-12-31,5600,64,72,Faaborg,4005,16.0,2020-Q4
390,2020-12-31,5600,64,73,Faaborg,4005,16.0,2020-Q4
390,2020-12-31,5600,64,74,Faaborg,4005,16.0,2020-Q4
391,2020-12-31,5601,0,,,39,0.0,2020-Q4
392,2020-12-31,5602,1,,,33,30.3,2020-Q4
393,2020-12-31,5610,24,585,Assens,2712,8.8,2020-Q4
393,2020-12-31,5610,24,586,Assens,2712,8.8,2020-Q4
393,2020-12-31,5610,24,587,Assens,2712,8.8,2020-Q4
393,2020-12-31,5610,24,588,Assens,2712,8.8,2020-Q4
394,2020-12-31,5620,12,95,Glamsbjerg,1544,7.8,2020-Q4
395,2020-12-31,5631,7,473,Ebberup,480,14.6,2020-Q4
395,2020-12-31,5631,7,474,Ebberup,480,14.6,2020-Q4
396,2020-12-31,5642,7,410,Millinge,296,23.6,2020-Q4
396,2020-12-31,5642,7,411,Millinge,296,23.6,2020-Q4
396,2020-12-31,5642,7,412,Millinge,296,23.6,2020-Q4
397,2020-12-31,5672,9,306,Broby,1527,5.9,2020-Q4
398,2020-12-31,5683,14,132,Haarby,1231,11.4,2020-Q4
399,2020-12-31,5690,19,40,Tommerup,1761,10.8,2020-Q4
400,2020-12-31,5700,110,239,Svendborg,9294,11.8,2020-Q4
400,2020-12-31,5700,110,240,Svendborg,9294,11.8,2020-Q4
400,2020-12-31,5700,110,241,Svendborg,9294,11.8,2020-Q4
400,2020-12-31,5700,110,242,Svendborg,9294,11.8,2020-Q4
400,2020-12-31,5700,110,243,Svendborg,9294,11.8,2020-Q4
400,2020-12-31,5700,110,244,Svendborg,9294,11.8,2020-Q4
400,2020-12-31,5700,110,245,Svendborg,9294,11.8,2020-Q4
400,2020-12-31,5700,110,246,Svendborg,9294,11.8,2020-Q4
400,2020-12-31,5700,110,247,Svendborg,9294,11.8,2020-Q4
401,2020-12-31,5750,23,538,Ringe,2791,8.2,2020-Q4
402,2020-12-31,5762,15,543,Vester Skerninge,907,16.5,2020-Q4
403,2020-12-31,5771,7,533,Stenstrup,993,7.0,2020-Q4
404,2020-12-31,5772,5,590,Kværndrup,620,8.1,2020-Q4
405,2020-12-31,5792,28,789,Årslev,1607,17.4,2020-Q4
406,2020-12-31,5800,49,195,Nyborg,5140,9.5,2020-Q4
407,2020-12-31,5853,16,518,Ørbæk,1188,13.5,2020-Q4
408,2020-12-31,5854,4,724,Gislev,484,8.3,2020-Q4
409,2020-12-31,5856,5,101,Ryslinge,550,9.1,2020-Q4
410,2020-12-31,5863,6,208,Ferritslev Fyn,362,16.6,2020-Q4
411,2020-12-31,5871,7,795,Frørup,387,18.1,2020-Q4
412,2020-12-31,5874,5,232,Hesselager,559,8.9,2020-Q4
412,2020-12-31,5874,5,233,Hesselager,559,8.9,2020-Q4
413,2020-12-31,5881,8,661,Skårup Fyn,540,14.8,2020-Q4
414,2020-12-31,5882,3,373,Vejstrup,184,16.3,2020-Q4
415,2020-12-31,5883,1,495,Oure,190,5.3,2020-Q4
416,2020-12-31,5884,2,112,Gudme,293,6.8,2020-Q4
417,2020-12-31,5892,4,629,Gudbjerg Sydfyn,256,15.6,2020-Q4
418,2020-12-31,5900,26,431,Rudkøbing,2338,11.1,2020-Q4
418,2020-12-31,5900,26,432,Rudkøbing,2338,11.1,2020-Q4
418,2020-12-31,5900,26,433,Rudkøbing,2338,11.1,2020-Q4
418,2020-12-31,5900,26,434,Rudkøbing,2338,11.1,2020-Q4
418,2020-12-31,5900,26,435,Rudkøbing,2338,11.1,2020-Q4
418,2020-12-31,5900,26,436,Rudkøbing,2338,11.1,2020-Q4
419,2020-12-31,5932,34,288,Humble,607,56.0,2020-Q4
419,2020-12-31,5932,34,289,Humble,607,56.0,2020-Q4
420,2020-12-31,5935,6,545,Bagenkop,234,25.6,2020-Q4
421,2020-12-31,5943,1,,,49,20.4,2020-Q4
422,2020-12-31,5953,27,707,Tranekær,972,27.8,2020-Q4
423,2020-12-31,5960,16,614,Marstal,1150,13.9,2020-Q4
423,2020-12-31,5960,16,615,Marstal,1150,13.9,2020-Q4
423,2020-12-31,5960,16,616,Marstal,1150,13.9,2020-Q4
423,2020-12-31,5960,16,617,Marstal,1150,13.9,2020-Q4
423,2020-12-31,5960,16,618,Marstal,1150,13.9,2020-Q4
424,2020-12-31,5970,12,63,Ærøskøbing,883,13.6,2020-Q4
424,2020-12-31,5970,12,64,Ærøskøbing,883,13.6,2020-Q4
424,2020-12-31,5970,12,65,Ærøskøbing,883,13.6,2020-Q4
425,2020-12-31,5985,3,3,Søby Ærø,318,9.4,2020-Q4
426,2021-03-31,5000,152,643,Odense C,14530,10.5,2021-Q1
427,2021-03-31,5200,15,636,Odense V,2556,5.9,2021-Q1
428,2021-03-31,5210,67,485,Odense NV,4030,16.6,2021-Q1
429,2021-03-31,5220,40,310,Odense SØ,4670,8.6,2021-Q1
430,2021-03-31,5230,51,768,Odense M,3430,14.9,2021-Q1
431,2021-03-31,5240,18,41,Odense NØ,4211,4.3,2021-Q1
432,2021-03-31,5250,83,421,Odense SV,4709,17.6,2021-Q1
433,2021-03-31,5260,55,133,Odense S,3873,14.2,2021-Q1
434,2021-03-31,5270,82,660,Odense N,4259,19.3,2021-Q1
435,2021-03-31,5290,1,596,Marslev,259,3.9,2021-Q1
436,2021-03-31,5300,20,422,Kerteminde,1848,10.8,2021-Q1
436,2021-03-31,5300,20,423,Kerteminde,1848,10.8,2021-Q1
436,2021-03-31,5300,20,424,Kerteminde,1848,10.8,2021-Q1
437,2021-03-31,5320,16,444,Agedrup,721,22.2,2021-Q1
438,2021-03-31,5330,15,418,Munkebo,1522,9.9,2021-Q1
439,2021-03-31,5350,2,671,Rynkeby,208,9.6,2021-Q1
440,2021-03-31,5370,10,513,Mesinge,225,44.4,2021-Q1
441,2021-03-31,5380,2,469,Dalby,142,14.1,2021-Q1
442,2021-03-31,5390,3,234,Martofte,108,27.8,2021-Q1
442,2021-03-31,5390,3,235,Martofte,108,27.8,2021-Q1
442,2021-03-31,5390,3,236,Martofte,108,27.8,2021-Q1
443,2021-03-31,5400,37,498,Bogense,1920,19.3,2021-Q1
443,2021-03-31,5400,37,499,Bogense,1920,19.3,2021-Q1
443,2021-03-31,5400,37,500,Bogense,1920,19.3,2021-Q1
443,2021-03-31,5400,37,501,Bogense,1920,19.3,2021-Q1
443,2021-03-31,5400,37,502,Bogense,1920,19.3,2021-Q1
444,2021-03-31,5450,65,341,Otterup,2900,22.4,2021-Q1
444,2021-03-31,5450,65,342,Otterup,2900,22.4,2021-Q1
444,2021-03-31,5450,65,343,Otterup,2900,22.4,2021-Q1
444,2021-03-31,5450,65,344,Otterup,2900,22.4,2021-Q1
444,2021-03-31,5450,65,345,Otterup,2900,22.4,2021-Q1
445,2021-03-31,5462,7,300,Morud,472,14.8,2021-Q1
446,2021-03-31,5463,1,599,Harndrup,394,2.5,2021-Q1
447,2021-03-31,5464,8,652,Brenderup Fyn,610,13.1,2021-Q1
448,2021-03-31,5466,16,554,Asperup,390,41.0,2021-Q1
449,2021-03-31,5471,28,136,Søndersø,1730,16.2,2021-Q1
450,2021-03-31,5474,1,797,Veflinge,330,3.0,2021-Q1
451,2021-03-31,5485,1,555,Skamby,198,5.1,2021-Q1
452,2021-03-31,5491,5,604,Blommenslyst,291,17.2,2021-Q1
453,2021-03-31,5492,23,476,Vissenbjerg,1439,16.0,2021-Q1
454,2021-03-31,5500,93,258,Middelfart,5137,18.1,2021-Q1
454,2021-03-31,5500,93,259,Middelfart,5137,18.1,2021-Q1
455,2021-03-31,5540,16,728,Ullerslev,1376,11.6,2021-Q1
456,2021-03-31,5550,22,404,Langeskov,1314,16.7,2021-Q1
457,2021-03-31,5560,22,519,Aarup,1353,16.3,2021-Q1
458,2021-03-31,5580,16,551,Nørre Aaby,1110,14.4,2021-Q1
459,2021-03-31,5591,9,103,Gelsted,690,13.0,2021-Q1
460,2021-03-31,5592,17,673,Ejby,914,18.6,2021-Q1
461,2021-03-31,5600,87,70,Faaborg,4005,21.7,2021-Q1
461,2021-03-31,5600,87,71,Faaborg,4005,21.7,2021-Q1
461,2021-03-31,5600,87,72,Faaborg,4005,21.7,2021-Q1
461,2021-03-31,5600,87,73,Faaborg,4005,21.7,2021-Q1
461,2021-03-31,5600,87,74,Faaborg,4005,21.7,2021-Q1
462,2021-03-31,5601,0,,,39,0.0,2021-Q1
463,2021-03-31,5602,0,,,33,0.0,2021-Q1
464,2021-03-31,5610,30,585,Assens,2712,11.1,2021-Q1
464,2021-03-31,5610,30,586,Assens,2712,11.1,2021-Q1
464,2021-03-31,5610,30,587,Assens,2712,11.1,2021-Q1
464,2021-03-31,5610,30,588,Assens,2712,11.1,2021-Q1
465,2021-03-31,5620,25,95,Glamsbjerg,1544,16.2,2021-Q1
466,2021-03-31,5631,14,473,Ebberup,480,29.2,2021-Q1
466,2021-03-31,5631,14,474,Ebberup,480,29.2,2021-Q1
467,2021-03-31,5642,11,410,Millinge,296,37.2,2021-Q1
467,2021-03-31,5642,11,411,Millinge,296,37.2,2021-Q1
467,2021-03-31,5642,11,412,Millinge,296,37.2,2021-Q1
468,2021-03-31,5672,15,306,Broby,1527,9.8,2021-Q1
469,2021-03-31,5683,15,132,Haarby,1231,12.2,2021-Q1
470,2021-03-31,5690,24,40,Tommerup,1761,13.6,2021-Q1
471,2021-03-31,5700,166,239,Svendborg,9294,17.9,2021-Q1
471,2021-03-31,5700,166,240,Svendborg,9294,17.9,2021-Q1
471,2021-03-31,5700,166,241,Svendborg,9294,17.9,2021-Q1
471,2021-03-31,5700,166,242,Svendborg,9294,17.9,2021-Q1
471,2021-03-31,5700,166,243,Svendborg,9294,17.9,2021-Q1
471,2021-03-31,5700,166,244,Svendborg,9294,17.9,2021-Q1
471,2021-03-31,5700,166,245,Svendborg,9294,17.9,2021-Q1
471,2021-03-31,5700,166,246,Svendborg,9294,17.9,2021-Q1
471,2021-03-31,5700,166,247,Svendborg,9294,17.9,2021-Q1
472,2021-03-31,5750,37,538,Ringe,2791,13.3,2021-Q1
473,2021-03-31,5762,16,543,Vester Skerninge,907,17.6,2021-Q1
474,2021-03-31,5771,11,533,Stenstrup,993,11.1,2021-Q1
475,2021-03-31,5772,8,590,Kværndrup,620,12.9,2021-Q1
476,2021-03-31,5792,27,789,Årslev,1607,16.8,2021-Q1
477,2021-03-31,5800,58,195,Nyborg,5140,11.3,2021-Q1
478,2021-03-31,5853,16,518,Ørbæk,1188,13.5,2021-Q1
479,2021-03-31,5854,7,724,Gislev,484,14.5,2021-Q1
480,2021-03-31,5856,5,101,Ryslinge,550,9.1,2021-Q1
481,2021-03-31,5863,3,208,Ferritslev Fyn,362,8.3,2021-Q1
482,2021-03-31,5871,7,795,Frørup,387,18.1,2021-Q1
483,2021-03-31,5874,12,232,Hesselager,559,21.5,2021-Q1
483,2021-03-31,5874,12,233,Hesselager,559,21.5,2021-Q1
484,2021-03-31,5881,10,661,Skårup Fyn,540,18.5,2021-Q1
485,2021-03-31,5882,2,373,Vejstrup,184,10.9,2021-Q1
486,2021-03-31,5883,0,495,Oure,190,0.0,2021-Q1
487,2021-03-31,5884,2,112,Gudme,293,6.8,2021-Q1
488,2021-03-31,5892,5,629,Gudbjerg Sydfyn,256,19.5,2021-Q1
489,2021-03-31,5900,36,431,Rudkøbing,2338,15.4,2021-Q1
489,2021-03-31,5900,36,432,Rudkøbing,2338,15.4,2021-Q1
489,2021-03-31,5900,36,433,Rudkøbing,2338,15.4,2021-Q1
489,2021-03-31,5900,36,434,Rudkøbing,2338,15.4,2021-Q1
489,2021-03-31,5900,36,435,Rudkøbing,2338,15.4,2021-Q1
489,2021-03-31,5900,36,436,Rudkøbing,2338,15.4,2021-Q1
490,2021-03-31,5932,20,288,Humble,607,32.9,2021-Q1
490,2021-03-31,5932,20,289,Humble,607,32.9,2021-Q1
491,2021-03-31,5935,2,545,Bagenkop,234,8.5,2021-Q1
492,2021-03-31,5943,3,,,49,61.2,2021-Q1
493,2021-03-31,5953,31,707,Tranekær,972,31.9,2021-Q1
494,2021-03-31,5960,16,614,Marstal,1150,13.9,2021-Q1
494,2021-03-31,5960,16,615,Marstal,1150,13.9,2021-Q1
494,2021-03-31,5960,16,616,Marstal,1150,13.9,2021-Q1
494,2021-03-31,5960,16,617,Marstal,1150,13.9,2021-Q1
494,2021-03-31,5960,16,618,Marstal,1150,13.9,2021-Q1
495,2021-03-31,5970,15,63,Ærøskøbing,883,17.0,2021-Q1
495,2021-03-31,5970,15,64,Ærøskøbing,883,17.0,2021-Q1
495,2021-03-31,5970,15,65,Ærøskøbing,883,17.0,2021-Q1
496,2021-03-31,5985,8,3,Søby Ærø,318,25.2,2021-Q1
497,2021-06-30,5000,161,643,Odense C,14530,11.1,2021-Q2
498,2021-06-30,5200,20,636,Odense V,2556,7.8,2021-Q2
499,2021-06-30,5210,59,485,Odense NV,4030,14.6,2021-Q2
500,2021-06-30,5220,37,310,Odense SØ,4670,7.9,2021-Q2
501,2021-06-30,5230,37,768,Odense M,3430,10.8,2021-Q2
502,2021-06-30,5240,20,41,Odense NØ,4211,4.7,2021-Q2
503,2021-06-30,5250,110,421,Odense SV,4709,23.4,2021-Q2
504,2021-06-30,5260,62,133,Odense S,3873,16.0,2021-Q2
505,2021-06-30,5270,68,660,Odense N,4259,16.0,2021-Q2
506,2021-06-30,5290,4,596,Marslev,259,15.4,2021-Q2
507,2021-06-30,5300,32,422,Kerteminde,1848,17.3,2021-Q2
507,2021-06-30,5300,32,423,Kerteminde,1848,17.3,2021-Q2
507,2021-06-30,5300,32,424,Kerteminde,1848,17.3,2021-Q2
508,2021-06-30,5320,23,444,Agedrup,721,31.9,2021-Q2
509,2021-06-30,5330,29,418,Munkebo,1522,19.1,2021-Q2
510,2021-06-30,5350,2,671,Rynkeby,208,9.6,2021-Q2
511,2021-06-30,5370,4,513,Mesinge,225,17.8,2021-Q2
512,2021-06-30,5380,4,469,Dalby,142,28.2,2021-Q2
513,2021-06-30,5390,8,234,Martofte,108,74.1,2021-Q2
513,2021-06-30,5390,8,235,Martofte,108,74.1,2021-Q2
513,2021-06-30,5390,8,236,Martofte,108,74.1,2021-Q2
514,2021-06-30,5400,51,498,Bogense,1920,26.6,2021-Q2
514,2021-06-30,5400,51,499,Bogense,1920,26.6,2021-Q2
514,2021-06-30,5400,51,500,Bogense,1920,26.6,2021-Q2
514,2021-06-30,5400,51,501,Bogense,1920,26.6,2021-Q2
514,2021-06-30,5400,51,502,Bogense,1920,26.6,2021-Q2
515,2021-06-30,5450,69,341,Otterup,2900,23.8,2021-Q2
515,2021-06-30,5450,69,342,Otterup,2900,23.8,2021-Q2
515,2021-06-30,5450,69,343,Otterup,2900,23.8,2021-Q2
515,2021-06-30,5450,69,344,Otterup,2900,23.8,2021-Q2
515,2021-06-30,5450,69,345,Otterup,2900,23.8,2021-Q2
516,2021-06-30,5462,10,300,Morud,472,21.2,2021-Q2
517,2021-06-30,5463,6,599,Harndrup,394,15.2,2021-Q2
518,2021-06-30,5464,20,652,Brenderup Fyn,610,32.8,2021-Q2
519,2021-06-30,5466,22,554,Asperup,390,56.4,2021-Q2
520,2021-06-30,5471,15,136,Søndersø,1730,8.7,2021-Q2
521,2021-06-30,5474,3,797,Veflinge,330,9.1,2021-Q2
522,2021-06-30,5485,4,555,Skamby,198,20.2,2021-Q2
523,2021-06-30,5491,7,604,Blommenslyst,291,24.1,2021-Q2
524,2021-06-30,5492,17,476,Vissenbjerg,1439,11.8,2021-Q2
525,2021-06-30,5500,104,258,Middelfart,5137,20.2,2021-Q2
525,2021-06-30,5500,104,259,Middelfart,5137,20.2,2021-Q2
526,2021-06-30,5540,18,728,Ullerslev,1376,13.1,2021-Q2
527,2021-06-30,5550,19,404,Langeskov,1314,14.5,2021-Q2
528,2021-06-30,5560,21,519,Aarup,1353,15.5,2021-Q2
529,2021-06-30,5580,22,551,Nørre Aaby,1110,19.8,2021-Q2
530,2021-06-30,5591,10,103,Gelsted,690,14.5,2021-Q2
531,2021-06-30,5592,11,673,Ejby,914,12.0,2021-Q2
532,2021-06-30,5600,89,70,Faaborg,4005,22.2,2021-Q2
532,2021-06-30,5600,89,71,Faaborg,4005,22.2,2021-Q2
532,2021-06-30,5600,89,72,Faaborg,4005,22.2,2021-Q2
532,2021-06-30,5600,89,73,Faaborg,4005,22.2,2021-Q2
532,2021-06-30,5600,89,74,Faaborg,4005,22.2,2021-Q2
533,2021-06-30,5601,0,,,39,0.0,2021-Q2
534,2021-06-30,5602,0,,,33,0.0,2021-Q2
535,2021-06-30,5610,43,585,Assens,2712,15.9,2021-Q2
535,2021-06-30,5610,43,586,Assens,2712,15.9,2021-Q2
535,2021-06-30,5610,43,587,Assens,2712,15.9,2021-Q2
535,2021-06-30,5610,43,588,Assens,2712,15.9,2021-Q2
536,2021-06-30,5620,25,95,Glamsbjerg,1544,16.2,2021-Q2
537,2021-06-30,5631,13,473,Ebberup,480,27.1,2021-Q2
537,2021-06-30,5631,13,474,Ebberup,480,27.1,2021-Q2
538,2021-06-30,5642,4,410,Millinge,296,13.5,2021-Q2
538,2021-06-30,5642,4,411,Millinge,296,13.5,2021-Q2
538,2021-06-30,5642,4,412,Millinge,296,13.5,2021-Q2
539,2021-06-30,5672,24,306,Broby,1527,15.7,2021-Q2
540,2021-06-30,5683,23,132,Haarby,1231,18.7,2021-Q2
541,2021-06-30,5690,22,40,Tommerup,1761,12.5,2021-Q2
542,2021-06-30,5700,129,239,Svendborg,9294,13.9,2021-Q2
542,2021-06-30,5700,129,240,Svendborg,9294,13.9,2021-Q2
542,2021-06-30,5700,129,241,Svendborg,9294,13.9,2021-Q2
542,2021-06-30,5700,129,242,Svendborg,9294,13.9,2021-Q2
542,2021-06-30,5700,129,243,Svendborg,9294,13.9,2021-Q2
542,2021-06-30,5700,129,244,Svendborg,9294,13.9,2021-Q2
542,2021-06-30,5700,129,245,Svendborg,9294,13.9,2021-Q2
542,2021-06-30,5700,129,246,Svendborg,9294,13.9,2021-Q2
542,2021-06-30,5700,129,247,Svendborg,9294,13.9,2021-Q2
543,2021-06-30,5750,40,538,Ringe,2791,14.3,2021-Q2
544,2021-06-30,5762,15,543,Vester Skerninge,907,16.5,2021-Q2
545,2021-06-30,5771,18,533,Stenstrup,993,18.1,2021-Q2
546,2021-06-30,5772,4,590,Kværndrup,620,6.5,2021-Q2
547,2021-06-30,5792,23,789,Årslev,1607,14.3,2021-Q2
548,2021-06-30,5800,66,195,Nyborg,5140,12.8,2021-Q2
549,2021-06-30,5853,20,518,Ørbæk,1188,16.8,2021-Q2
550,2021-06-30,5854,4,724,Gislev,484,8.3,2021-Q2
551,2021-06-30,5856,15,101,Ryslinge,550,27.3,2021-Q2
552,2021-06-30,5863,6,208,Ferritslev Fyn,362,16.6,2021-Q2
553,2021-06-30,5871,15,795,Frørup,387,38.8,2021-Q2
554,2021-06-30,5874,15,232,Hesselager,559,26.8,2021-Q2
554,2021-06-30,5874,15,233,Hesselager,559,26.8,2021-Q2
555,2021-06-30,5881,11,661,Skårup Fyn,540,20.4,2021-Q2
556,2021-06-30,5882,3,373,Vejstrup,184,16.3,2021-Q2
557,2021-06-30,5883,2,495,Oure,190,10.5,2021-Q2
558,2021-06-30,5884,4,112,Gudme,293,13.7,2021-Q2
559,2021-06-30,5892,3,629,Gudbjerg Sydfyn,256,11.7,2021-Q2
560,2021-06-30,5900,35,431,Rudkøbing,2338,15.0,2021-Q2
560,2021-06-30,5900,35,432,Rudkøbing,2338,15.0,2021-Q2
560,2021-06-30,5900,35,433,Rudkøbing,2338,15.0,2021-Q2
560,2021-06-30,5900,35,434,Rudkøbing,2338,15.0,2021-Q2
560,2021-06-30,5900,35,435,Rudkøbing,2338,15.0,2021-Q2
560,2021-06-30,5900,35,436,Rudkøbing,2338,15.0,2021-Q2
561,2021-06-30,5932,29,288,Humble,607,47.8,2021-Q2
561,2021-06-30,5932,29,289,Humble,607,47.8,2021-Q2
562,2021-06-30,5935,8,545,Bagenkop,234,34.2,2021-Q2
563,2021-06-30,5943,2,,,49,40.8,2021-Q2
564,2021-06-30,5953,39,707,Tranekær,972,40.1,2021-Q2
565,2021-06-30,5960,27,614,Marstal,1150,23.5,2021-Q2
565,2021-06-30,5960,27,615,Marstal,1150,23.5,2021-Q2
565,2021-06-30,5960,27,616,Marstal,1150,23.5,2021-Q2
565,2021-06-30,5960,27,617,Marstal,1150,23.5,2021-Q2
565,2021-06-30,5960,27,618,Marstal,1150,23.5,2021-Q2
566,2021-06-30,5970,18,63,Ærøskøbing,883,20.4,2021-Q2
566,2021-06-30,5970,18,64,Ærøskøbing,883,20.4,2021-Q2
566,2021-06-30,5970,18,65,Ærøskøbing,883,20.4,2021-Q2
567,2021-06-30,5985,11,3,Søby Ærø,318,34.6,2021-Q2
568,2021-09-30,5000,160,643,Odense C,14530,11.0,2021-Q3
569,2021-09-30,5200,14,636,Odense V,2556,5.5,2021-Q3
570,2021-09-30,5210,66,485,Odense NV,4030,16.4,2021-Q3
571,2021-09-30,5220,38,310,Odense SØ,4670,8.1,2021-Q3
572,2021-09-30,5230,42,768,Odense M,3430,12.2,2021-Q3
573,2021-09-30,5240,23,41,Odense NØ,4211,5.5,2021-Q3
574,2021-09-30,5250,105,421,Odense SV,4709,22.3,2021-Q3
575,2021-09-30,5260,52,133,Odense S,3873,13.4,2021-Q3
576,2021-09-30,5270,74,660,Odense N,4259,17.4,2021-Q3
577,2021-09-30,5290,6,596,Marslev,259,23.2,2021-Q3
578,2021-09-30,5300,28,422,Kerteminde,1848,15.2,2021-Q3
578,2021-09-30,5300,28,423,Kerteminde,1848,15.2,2021-Q3
578,2021-09-30,5300,28,424,Kerteminde,1848,15.2,2021-Q3
579,2021-09-30,5320,15,444,Agedrup,721,20.8,2021-Q3
580,2021-09-30,5330,12,418,Munkebo,1522,7.9,2021-Q3
581,2021-09-30,5350,1,671,Rynkeby,208,4.8,2021-Q3
582,2021-09-30,5370,6,513,Mesinge,225,26.7,2021-Q3
583,2021-09-30,5380,4,469,Dalby,142,28.2,2021-Q3
584,2021-09-30,5390,6,234,Martofte,108,55.6,2021-Q3
584,2021-09-30,5390,6,235,Martofte,108,55.6,2021-Q3
584,2021-09-30,5390,6,236,Martofte,108,55.6,2021-Q3
585,2021-09-30,5400,35,498,Bogense,1920,18.2,2021-Q3
585,2021-09-30,5400,35,499,Bogense,1920,18.2,2021-Q3
585,2021-09-30,5400,35,500,Bogense,1920,18.2,2021-Q3
585,2021-09-30,5400,35,501,Bogense,1920,18.2,2021-Q3
585,2021-09-30,5400,35,502,Bogense,1920,18.2,2021-Q3
586,2021-09-30,5450,64,341,Otterup,2900,22.1,2021-Q3
586,2021-09-30,5450,64,342,Otterup,2900,22.1,2021-Q3
586,2021-09-30,5450,64,343,Otterup,2900,22.1,2021-Q3
586,2021-09-30,5450,64,344,Otterup,2900,22.1,2021-Q3
586,2021-09-30,5450,64,345,Otterup,2900,22.1,2021-Q3
587,2021-09-30,5462,6,300,Morud,472,12.7,2021-Q3
588,2021-09-30,5463,3,599,Harndrup,394,7.6,2021-Q3
589,2021-09-30,5464,12,652,Brenderup Fyn,610,19.7,2021-Q3
590,2021-09-30,5466,15,554,Asperup,390,38.5,2021-Q3
591,2021-09-30,5471,20,136,Søndersø,1730,11.6,2021-Q3
592,2021-09-30,5474,3,797,Veflinge,330,9.1,2021-Q3
593,2021-09-30,5485,3,555,Skamby,198,15.2,2021-Q3
594,2021-09-30,5491,3,604,Blommenslyst,291,10.3,2021-Q3
595,2021-09-30,5492,18,476,Vissenbjerg,1439,12.5,2021-Q3
596,2021-09-30,5500,95,258,Middelfart,5137,18.5,2021-Q3
596,2021-09-30,5500,95,259,Middelfart,5137,18.5,2021-Q3
597,2021-09-30,5540,15,728,Ullerslev,1376,10.9,2021-Q3
598,2021-09-30,5550,23,404,Langeskov,1314,17.5,2021-Q3
599,2021-09-30,5560,25,519,Aarup,1353,18.5,2021-Q3
600,2021-09-30,5580,12,551,Nørre Aaby,1110,10.8,2021-Q3
601,2021-09-30,5591,12,103,Gelsted,690,17.4,2021-Q3
602,2021-09-30,5592,11,673,Ejby,914,12.0,2021-Q3
603,2021-09-30,5600,77,70,Faaborg,4005,19.2,2021-Q3
603,2021-09-30,5600,77,71,Faaborg,4005,19.2,2021-Q3
603,2021-09-30,5600,77,72,Faaborg,4005,19.2,2021-Q3
603,2021-09-30,5600,77,73,Faaborg,4005,19.2,2021-Q3
603,2021-09-30,5600,77,74,Faaborg,4005,19.2,2021-Q3
604,2021-09-30,5601,0,,,39,0.0,2021-Q3
605,2021-09-30,5602,0,,,33,0.0,2021-Q3
606,2021-09-30,5610,38,585,Assens,2712,14.0,2021-Q3
606,2021-09-30,5610,38,586,Assens,2712,14.0,2021-Q3
606,2021-09-30,5610,38,587,Assens,2712,14.0,2021-Q3
606,2021-09-30,5610,38,588,Assens,2712,14.0,2021-Q3
607,2021-09-30,5620,23,95,Glamsbjerg,1544,14.9,2021-Q3
608,2021-09-30,5631,13,473,Ebberup,480,27.1,2021-Q3
608,2021-09-30,5631,13,474,Ebberup,480,27.1,2021-Q3
609,2021-09-30,5642,4,410,Millinge,296,13.5,2021-Q3
609,2021-09-30,5642,4,411,Millinge,296,13.5,2021-Q3
609,2021-09-30,5642,4,412,Millinge,296,13.5,2021-Q3
610,2021-09-30,5672,27,306,Broby,1527,17.7,2021-Q3
611,2021-09-30,5683,29,132,Haarby,1231,23.6,2021-Q3
612,2021-09-30,5690,29,40,Tommerup,1761,16.5,2021-Q3
613,2021-09-30,5700,115,239,Svendborg,9294,12.4,2021-Q3
613,2021-09-30,5700,115,240,Svendborg,9294,12.4,2021-Q3
613,2021-09-30,5700,115,241,Svendborg,9294,12.4,2021-Q3
613,2021-09-30,5700,115,242,Svendborg,9294,12.4,2021-Q3
613,2021-09-30,5700,115,243,Svendborg,9294,12.4,2021-Q3
613,2021-09-30,5700,115,244,Svendborg,9294,12.4,2021-Q3
613,2021-09-30,5700,115,245,Svendborg,9294,12.4,2021-Q3
613,2021-09-30,5700,115,246,Svendborg,9294,12.4,2021-Q3
613,2021-09-30,5700,115,247,Svendborg,9294,12.4,2021-Q3
614,2021-09-30,5750,40,538,Ringe,2791,14.3,2021-Q3
615,2021-09-30,5762,14,543,Vester Skerninge,907,15.4,2021-Q3
616,2021-09-30,5771,7,533,Stenstrup,993,7.0,2021-Q3
617,2021-09-30,5772,6,590,Kværndrup,620,9.7,2021-Q3
618,2021-09-30,5792,25,789,Årslev,1607,15.6,2021-Q3
619,2021-09-30,5800,64,195,Nyborg,5140,12.5,2021-Q3
620,2021-09-30,5853,17,518,Ørbæk,1188,14.3,2021-Q3
621,2021-09-30,5854,6,724,Gislev,484,12.4,2021-Q3
622,2021-09-30,5856,8,101,Ryslinge,550,14.5,2021-Q3
623,2021-09-30,5863,6,208,Ferritslev Fyn,362,16.6,2021-Q3
624,2021-09-30,5871,10,795,Frørup,387,25.8,2021-Q3
625,2021-09-30,5874,7,232,Hesselager,559,12.5,2021-Q3
625,2021-09-30,5874,7,233,Hesselager,559,12.5,2021-Q3
626,2021-09-30,5881,7,661,Skårup Fyn,540,13.0,2021-Q3
627,2021-09-30,5882,4,373,Vejstrup,184,21.7,2021-Q3
628,2021-09-30,5883,1,495,Oure,190,5.3,2021-Q3
629,2021-09-30,5884,3,112,Gudme,293,10.2,2021-Q3
630,2021-09-30,5892,3,629,Gudbjerg Sydfyn,256,11.7,2021-Q3
631,2021-09-30,5900,37,431,Rudkøbing,2338,15.8,2021-Q3
631,2021-09-30,5900,37,432,Rudkøbing,2338,15.8,2021-Q3
631,2021-09-30,5900,37,433,Rudkøbing,2338,15.8,2021-Q3
631,2021-09-30,5900,37,434,Rudkøbing,2338,15.8,2021-Q3
631,2021-09-30,5900,37,435,Rudkøbing,2338,15.8,2021-Q3
631,2021-09-30,5900,37,436,Rudkøbing,2338,15.8,2021-Q3
632,2021-09-30,5932,24,288,Humble,607,39.5,2021-Q3
632,2021-09-30,5932,24,289,Humble,607,39.5,2021-Q3
633,2021-09-30,5935,5,545,Bagenkop,234,21.4,2021-Q3
634,2021-09-30,5943,3,,,49,61.2,2021-Q3
635,2021-09-30,5953,38,707,Tranekær,972,39.1,2021-Q3
636,2021-09-30,5960,22,614,Marstal,1150,19.1,2021-Q3
636,2021-09-30,5960,22,615,Marstal,1150,19.1,2021-Q3
636,2021-09-30,5960,22,616,Marstal,1150,19.1,2021-Q3
636,2021-09-30,5960,22,617,Marstal,1150,19.1,2021-Q3
636,2021-09-30,5960,22,618,Marstal,1150,19.1,2021-Q3
637,2021-09-30,5970,14,63,Ærøskøbing,883,15.9,2021-Q3
637,2021-09-30,5970,14,64,Ærøskøbing,883,15.9,2021-Q3
637,2021-09-30,5970,14,65,Ærøskøbing,883,15.9,2021-Q3
638,2021-09-30,5985,8,3,Søby Ærø,318,25.2,2021-Q3
639,2021-12-31,5000,66,643,Odense C,14530,4.5,2021-Q4
640,2021-12-31,5200,7,636,Odense V,2556,2.7,2021-Q4
641,2021-12-31,5210,34,485,Odense NV,4030,8.4,2021-Q4
642,2021-12-31,5220,19,310,Odense SØ,4670,4.1,2021-Q4
643,2021-12-31,5230,22,768,Odense M,3430,6.4,2021-Q4
644,2021-12-31,5240,13,41,Odense NØ,4211,3.1,2021-Q4
645,2021-12-31,5250,47,421,Odense SV,4709,10.0,2021-Q4
646,2021-12-31,5260,27,133,Odense S,3873,7.0,2021-Q4
647,2021-12-31,5270,31,660,Odense N,4259,7.3,2021-Q4
648,2021-12-31,5290,3,596,Marslev,259,11.6,2021-Q4
649,2021-12-31,5300,10,422,Kerteminde,1848,5.4,2021-Q4
649,2021-12-31,5300,10,423,Kerteminde,1848,5.4,2021-Q4
649,2021-12-31,5300,10,424,Kerteminde,1848,5.4,2021-Q4
650,2021-12-31,5320,4,444,Agedrup,721,5.5,2021-Q4
651,2021-12-31,5330,9,418,Munkebo,1522,5.9,2021-Q4
652,2021-12-31,5350,2,671,Rynkeby,208,9.6,2021-Q4
653,2021-12-31,5370,3,513,Mesinge,225,13.3,2021-Q4
654,2021-12-31,5380,1,469,Dalby,142,7.0,2021-Q4
655,2021-12-31,5390,5,234,Martofte,108,46.3,2021-Q4
655,2021-12-31,5390,5,235,Martofte,108,46.3,2021-Q4
655,2021-12-31,5390,5,236,Martofte,108,46.3,2021-Q4
656,2021-12-31,5400,14,498,Bogense,1920,7.3,2021-Q4
656,2021-12-31,5400,14,499,Bogense,1920,7.3,2021-Q4
656,2021-12-31,5400,14,500,Bogense,1920,7.3,2021-Q4
656,2021-12-31,5400,14,501,Bogense,1920,7.3,2021-Q4
656,2021-12-31,5400,14,502,Bogense,1920,7.3,2021-Q4
657,2021-12-31,5450,25,341,Otterup,2900,8.6,2021-Q4
657,2021-12-31,5450,25,342,Otterup,2900,8.6,2021-Q4
657,2021-12-31,5450,25,343,Otterup,2900,8.6,2021-Q4
657,2021-12-31,5450,25,344,Otterup,2900,8.6,2021-Q4
657,2021-12-31,5450,25,345,Otterup,2900,8.6,2021-Q4
658,2021-12-31,5462,4,300,Morud,472,8.5,2021-Q4
659,2021-12-31,5463,2,599,Harndrup,394,5.1,2021-Q4
660,2021-12-31,5464,5,652,Brenderup Fyn,610,8.2,2021-Q4
661,2021-12-31,5466,4,554,Asperup,390,10.3,2021-Q4
662,2021-12-31,5471,9,136,Søndersø,1730,5.2,2021-Q4
663,2021-12-31,5474,2,797,Veflinge,330,6.1,2021-Q4
664,2021-12-31,5485,0,555,Skamby,198,0.0,2021-Q4
665,2021-12-31,5491,3,604,Blommenslyst,291,10.3,2021-Q4
666,2021-12-31,5492,9,476,Vissenbjerg,1439,6.3,2021-Q4
667,2021-12-31,5500,49,258,Middelfart,5137,9.5,2021-Q4
667,2021-12-31,5500,49,259,Middelfart,5137,9.5,2021-Q4
668,2021-12-31,5540,8,728,Ullerslev,1376,5.8,2021-Q4
669,2021-12-31,5550,10,404,Langeskov,1314,7.6,2021-Q4
670,2021-12-31,5560,18,519,Aarup,1353,13.3,2021-Q4
671,2021-12-31,5580,8,551,Nørre Aaby,1110,7.2,2021-Q4
672,2021-12-31,5591,5,103,Gelsted,690,7.2,2021-Q4
673,2021-12-31,5592,4,673,Ejby,914,4.4,2021-Q4
674,2021-12-31,5600,35,70,Faaborg,4005,8.7,2021-Q4
674,2021-12-31,5600,35,71,Faaborg,4005,8.7,2021-Q4
674,2021-12-31,5600,35,72,Faaborg,4005,8.7,2021-Q4
674,2021-12-31,5600,35,73,Faaborg,4005,8.7,2021-Q4
674,2021-12-31,5600,35,74,Faaborg,4005,8.7,2021-Q4
675,2021-12-31,5601,0,,,39,0.0,2021-Q4
676,2021-12-31,5602,0,,,33,0.0,2021-Q4
677,2021-12-31,5610,20,585,Assens,2712,7.4,2021-Q4
677,2021-12-31,5610,20,586,Assens,2712,7.4,2021-Q4
677,2021-12-31,5610,20,587,Assens,2712,7.4,2021-Q4
677,2021-12-31,5610,20,588,Assens,2712,7.4,2021-Q4
678,2021-12-31,5620,17,95,Glamsbjerg,1544,11.0,2021-Q4
679,2021-12-31,5631,4,473,Ebberup,480,8.3,2021-Q4
679,2021-12-31,5631,4,474,Ebberup,480,8.3,2021-Q4
680,2021-12-31,5642,5,410,Millinge,296,16.9,2021-Q4
680,2021-12-31,5642,5,411,Millinge,296,16.9,2021-Q4
680,2021-12-31,5642,5,412,Millinge,296,16.9,2021-Q4
681,2021-12-31,5672,15,306,Broby,1527,9.8,2021-Q4
682,2021-12-31,5683,10,132,Haarby,1231,8.1,2021-Q4
683,2021-12-31,5690,15,40,Tommerup,1761,8.5,2021-Q4
684,2021-12-31,5700,74,239,Svendborg,9294,8.0,2021-Q4
684,2021-12-31,5700,74,240,Svendborg,9294,8.0,2021-Q4
684,2021-12-31,5700,74,241,Svendborg,9294,8.0,2021-Q4
684,2021-12-31,5700,74,242,Svendborg,9294,8.0,2021-Q4
684,2021-12-31,5700,74,243,Svendborg,9294,8.0,2021-Q4
684,2021-12-31,5700,74,244,Svendborg,9294,8.0,2021-Q4
684,2021-12-31,5700,74,245,Svendborg,9294,8.0,2021-Q4
684,2021-12-31,5700,74,246,Svendborg,9294,8.0,2021-Q4
684,2021-12-31,5700,74,247,Svendborg,9294,8.0,2021-Q4
685,2021-12-31,5750,17,538,Ringe,2791,6.1,2021-Q4
686,2021-12-31,5762,11,543,Vester Skerninge,907,12.1,2021-Q4
687,2021-12-31,5771,6,533,Stenstrup,993,6.0,2021-Q4
688,2021-12-31,5772,5,590,Kværndrup,620,8.1,2021-Q4
689,2021-12-31,5792,17,789,Årslev,1607,10.6,2021-Q4
690,2021-12-31,5800,40,195,Nyborg,5140,7.8,2021-Q4
691,2021-12-31,5853,14,518,Ørbæk,1188,11.8,2021-Q4
692,2021-12-31,5854,6,724,Gislev,484,12.4,2021-Q4
693,2021-12-31,5856,2,101,Ryslinge,550,3.6,2021-Q4
694,2021-12-31,5863,0,208,Ferritslev Fyn,362,0.0,2021-Q4
695,2021-12-31,5871,5,795,Frørup,387,12.9,2021-Q4
696,2021-12-31,5874,8,232,Hesselager,559,14.3,2021-Q4
696,2021-12-31,5874,8,233,Hesselager,559,14.3,2021-Q4
697,2021-12-31,5881,2,661,Skårup Fyn,540,3.7,2021-Q4
698,2021-12-31,5882,3,373,Vejstrup,184,16.3,2021-Q4
699,2021-12-31,5883,1,495,Oure,190,5.3,2021-Q4
700,2021-12-31,5884,1,112,Gudme,293,3.4,2021-Q4
701,2021-12-31,5892,2,629,Gudbjerg Sydfyn,256,7.8,2021-Q4
702,2021-12-31,5900,18,431,Rudkøbing,2338,7.7,2021-Q4
702,2021-12-31,5900,18,432,Rudkøbing,2338,7.7,2021-Q4
702,2021-12-31,5900,18,433,Rudkøbing,2338,7.7,2021-Q4
702,2021-12-31,5900,18,434,Rudkøbing,2338,7.7,2021-Q4
702,2021-12-31,5900,18,435,Rudkøbing,2338,7.7,2021-Q4
702,2021-12-31,5900,18,436,Rudkøbing,2338,7.7,2021-Q4
703,2021-12-31,5932,13,288,Humble,607,21.4,2021-Q4
703,2021-12-31,5932,13,289,Humble,607,21.4,2021-Q4
704,2021-12-31,5935,2,545,Bagenkop,234,8.5,2021-Q4
705,2021-12-31,5943,1,,,49,20.4,2021-Q4
706,2021-12-31,5953,11,707,Tranekær,972,11.3,2021-Q4
707,2021-12-31,5960,9,614,Marstal,1150,7.8,2021-Q4
707,2021-12-31,5960,9,615,Marstal,1150,7.8,2021-Q4
707,2021-12-31,5960,9,616,Marstal,1150,7.8,2021-Q4
707,2021-12-31,5960,9,617,Marstal,1150,7.8,2021-Q4
707,2021-12-31,5960,9,618,Marstal,1150,7.8,2021-Q4
708,2021-12-31,5970,9,63,Ærøskøbing,883,10.2,2021-Q4
708,2021-12-31,5970,9,64,Ærøskøbing,883,10.2,2021-Q4
708,2021-12-31,5970,9,65,Ærøskøbing,883,10.2,2021-Q4
709,2021-12-31,5985,3,3,Søby Ærø,318,9.4,2021-Q4
